@article{zhang2019pretrain,
  title={Pretrain Soft Q-Learning with Imperfect Demonstrations},
  author={Zhang, Xiaoqin and Li, Yunfei and Ma, Huimin and Luo, Xiong},
  journal={arXiv preprint arXiv:1905.03501},
  year={2019}
}

@inproceedings{teh2017distral,
  title={Distral: Robust multitask reinforcement learning},
  author={Teh, Yee and Bapst, Victor and Czarnecki, Wojciech M and Quan, John and Kirkpatrick, James and Hadsell, Raia and Heess, Nicolas and Pascanu, Razvan},
  booktitle={Advances in Neural Information Processing Systems},
  pages={4496--4506},
  year={2017}
}

@inproceedings{hessel2018rainbow,
  title={Rainbow: Combining improvements in deep reinforcement learning},
  author={Hessel, Matteo and Modayil, Joseph and Van Hasselt, Hado and Schaul, Tom and Ostrovski, Georg and Dabney, Will and Horgan, Dan and Piot, Bilal and Azar, Mohammad and Silver, David},
  booktitle={Thirty-Second AAAI Conference on Artificial Intelligence},
  year={2018}
}

@article{haarnoja2018soft,
  title={Soft actor-critic: Off-policy maximum entropy deep reinforcement learning with a stochastic actor},
  author={Haarnoja, Tuomas and Zhou, Aurick and Abbeel, Pieter and Levine, Sergey},
  journal={arXiv preprint arXiv:1801.01290},
  year={2018}
}

@article{haarnoja2018soft1,
  title={Soft actor-critic algorithms and applications},
  author={Haarnoja, Tuomas and Zhou, Aurick and Hartikainen, Kristian and Tucker, George and Ha, Sehoon and Tan, Jie and Kumar, Vikash and Zhu, Henry and Gupta, Abhishek and Abbeel, Pieter and others},
  journal={arXiv preprint arXiv:1812.05905},
  year={2018}
}


@article{watkins1992q,
  title={Q-learning},
  author={Watkins, Christopher JCH and Dayan, Peter},
  journal={Machine learning},
  volume={8},
  number={3-4},
  pages={279--292},
  year={1992},
  publisher={Springer}
}

@book{sutton2018reinforcement,
  title={Reinforcement learning: An introduction},
  author={Sutton, Richard S and Barto, Andrew G},
  year={2018},
  publisher={MIT press}
}

@article{schulman2017equivalence,
  title={Equivalence between policy gradients and soft q-learning},
  author={Schulman, John and Chen, Xi and Abbeel, Pieter},
  journal={arXiv preprint arXiv:1704.06440},
  year={2017}
}

@article{mnih2013playing,
  title={Playing atari with deep reinforcement learning},
  author={Mnih, Volodymyr and Kavukcuoglu, Koray and Silver, David and Graves, Alex and Antonoglou, Ioannis and Wierstra, Daan and Riedmiller, Martin},
  journal={arXiv preprint arXiv:1312.5602},
  year={2013}
}

@article{mnih2015human,
  title={Human-level control through deep reinforcement learning},
  author={Mnih, Volodymyr and Kavukcuoglu, Koray and Silver, David and Rusu, Andrei A and Veness, Joel and Bellemare, Marc G and Graves, Alex and Riedmiller, Martin and Fidjeland, Andreas K and Ostrovski, Georg and others},
  journal={Nature},
  volume={518},
  number={7540},
  pages={529},
  year={2015},
  publisher={Nature Publishing Group}
}

@inproceedings{sutton2000policy,
  title={Policy gradient methods for reinforcement learning with function approximation},
  author={Sutton, Richard S and McAllester, David A and Singh, Satinder P and Mansour, Yishay},
  booktitle={Advances in neural information processing systems},
  pages={1057--1063},
  year={2000}
}

@inproceedings{mnih2016asynchronous,
  title={Asynchronous methods for deep reinforcement learning},
  author={Mnih, Volodymyr and Badia, Adria Puigdomenech and Mirza, Mehdi and Graves, Alex and Lillicrap, Timothy and Harley, Tim and Silver, David and Kavukcuoglu, Koray},
  booktitle={International conference on machine learning},
  pages={1928--1937},
  year={2016}
}

@inproceedings{shani2005resolving,
  title={Resolving perceptual aliasing in the presence of noisy sensors},
  author={Shani, Guy and Brafman, Ronen I},
  booktitle={Advances in Neural Information Processing Systems},
  pages={1249--1256},
  year={2005}
}

@article{williams1992simple,
  title={Simple statistical gradient-following algorithms for connectionist reinforcement learning},
  author={Williams, Ronald J},
  journal={Machine learning},
  volume={8},
  number={3-4},
  pages={229--256},
  year={1992},
  publisher={Springer}
}

@article{sutton1999between,
  title={Between MDPs and semi-MDPs: A framework for temporal abstraction in reinforcement learning},
  author={Sutton, Richard S and Precup, Doina and Singh, Satinder},
  journal={Artificial intelligence},
  volume={112},
  number={1-2},
  pages={181--211},
  year={1999},
  publisher={Elsevier}
}

@inproceedings{rawlik2013stochastic,
  title={On stochastic optimal control and reinforcement learning by approximate inference},
  author={Rawlik, Konrad and Toussaint, Marc and Vijayakumar, Sethu},
  booktitle={Twenty-Third International Joint Conference on Artificial Intelligence},
  year={2013}
}

@article{fox2015taming,
  title={Taming the noise in reinforcement learning via soft updates},
  author={Fox, Roy and Pakman, Ari and Tishby, Naftali},
  journal={arXiv preprint arXiv:1512.08562},
  year={2015}
}

@inproceedings{nachum2017bridging,
  title={Bridging the gap between value and policy based reinforcement learning},
  author={Nachum, Ofir and Norouzi, Mohammad and Xu, Kelvin and Schuurmans, Dale},
  booktitle={Advances in Neural Information Processing Systems},
  pages={2775--2785},
  year={2017}
}

@article{schulman2015high,
  title={High-dimensional continuous control using generalized advantage estimation},
  author={Schulman, John and Moritz, Philipp and Levine, Sergey and Jordan, Michael and Abbeel, Pieter},
  journal={arXiv preprint arXiv:1506.02438},
  year={2015}
}

@article{rusu2016progressive,
  title={Progressive neural networks},
  author={Rusu, Andrei A and Rabinowitz, Neil C and Desjardins, Guillaume and Soyer, Hubert and Kirkpatrick, James and Kavukcuoglu, Koray and Pascanu, Razvan and Hadsell, Raia},
  journal={arXiv preprint arXiv:1606.04671},
  year={2016}
}

@inproceedings{mitchell1993explanation,
  title={Explanation-based neural network learning for robot control},
  author={Mitchell, Tom M and Thrun, Sebastian B},
  booktitle={Advances in neural information processing systems},
  pages={287--294},
  year={1993}
}

@article{sharma2017online,
  title={Online multi-task learning using active sampling},
  author={Sharma, Sahil and Ravindran, Balaraman},
  journal={arXiv preprint arXiv:1702.06053},
  year={2017}
}

@inproceedings{hessel2019multi,
  title={Multi-task deep reinforcement learning with popart},
  author={Hessel, Matteo and Soyer, Hubert and Espeholt, Lasse and Czarnecki, Wojciech and Schmitt, Simon and van Hasselt, Hado},
  booktitle={Proceedings of the AAAI Conference on Artificial Intelligence},
  volume={33},
  pages={3796--3803},
  year={2019}
}

@article{sharma2017learning,
  title={Learning to multi-task by active sampling},
  author={Sharma, Sahil and Jha, Ashutosh and Hegde, Parikshit and Ravindran, Balaraman},
  journal={arXiv preprint arXiv:1702.06053},
  year={2017}
}

@article{schmitt2018kickstarting,
  title={Kickstarting deep reinforcement learning},
  author={Schmitt, Simon and Hudson, Jonathan J and Zidek, Augustin and Osindero, Simon and Doersch, Carl and Czarnecki, Wojciech M and Leibo, Joel Z and Kuttler, Heinrich and Zisserman, Andrew and Simonyan, Karen and others},
  journal={arXiv preprint arXiv:1803.03835},
  year={2018}
}

@article{parisotto2015actor,
  title={Actor-mimic: Deep multitask and transfer reinforcement learning},
  author={Parisotto, Emilio and Ba, Jimmy Lei and Salakhutdinov, Ruslan},
  journal={arXiv preprint arXiv:1511.06342},
  year={2015}
}

@article{thomas2017policy,
  title={Policy gradient methods for reinforcement learning with function approximation and action-dependent baselines},
  author={Thomas, Philip S and Brunskill, Emma},
  journal={arXiv preprint arXiv:1706.06643},
  year={2017}
}

@misc{silver2015,
  author        = {David Silver},
  title         = {Lecture notes in Reinforcement Learning},
  year          = {2015},
  publisher={University College London}
}

@article{hinton2015distilling,
  title={Distilling the knowledge in a neural network},
  author={Hinton, Geoffrey and Vinyals, Oriol and Dean, Jeff},
  journal={arXiv preprint arXiv:1503.02531},
  year={2015}
}

@article{rusu2015policy,
  title={Policy distillation},
  author={Rusu, Andrei A and Colmenarejo, Sergio Gomez and Gulcehre, Caglar and Desjardins, Guillaume and Kirkpatrick, James and Pascanu, Razvan and Mnih, Volodymyr and Kavukcuoglu, Koray and Hadsell, Raia},
  journal={arXiv preprint arXiv:1511.06295},
  year={2015}
}

@Misc{spinningupRL,
  author =    {Josh Achiam and others},
  title =     {Spinning up in Deep RL},
  year =      {2018--},
  url = "https://spinningup.openai.com/en/latest/",
  note = {[Online; accessed 9-8-2019]}
}

@article{jaderberg2016reinforcement,
  title={Reinforcement learning with unsupervised auxiliary tasks},
  author={Jaderberg, Max and Mnih, Volodymyr and Czarnecki, Wojciech Marian and Schaul, Tom and Leibo, Joel Z and Silver, David and Kavukcuoglu, Koray},
  journal={arXiv preprint arXiv:1611.05397},
  year={2016}
}

@inproceedings{sutton2011horde,
  title={Horde: A scalable real-time architecture for learning knowledge from unsupervised sensorimotor interaction},
  author={Sutton, Richard S and Modayil, Joseph and Delp, Michael and Degris, Thomas and Pilarski, Patrick M and White, Adam and Precup, Doina},
  booktitle={The 10th International Conference on Autonomous Agents and Multiagent Systems-Volume 2},
  pages={761--768},
  year={2011},
  organization={International Foundation for Autonomous Agents and Multiagent Systems}
}

@inproceedings{lample2017playing,
  title={Playing FPS games with deep reinforcement learning},
  author={Lample, Guillaume and Chaplot, Devendra Singh},
  booktitle={Thirty-First AAAI Conference on Artificial Intelligence},
  year={2017}
}

@inproceedings{schaul2015universal,
  title={Universal value function approximators},
  author={Schaul, Tom and Horgan, Daniel and Gregor, Karol and Silver, David},
  booktitle={International Conference on Machine Learning},
  pages={1312--1320},
  year={2015}
}

@book{mackay2003information,
  title={Information theory, inference and learning algorithms},
  author={MacKay, David JC and Mac Kay, David JC},
  year={2003},
  publisher={Cambridge university press}
}
